@article{ReferenceName,
	Abstract = {Severe acute respiratory syndrome coronavirus 2 (SARS-CoV-2) infects host cells through ACE2 receptors, leading to coronavirus disease (COVID-19)-related pneumonia, while also causing acute myocardial injury and chronic damage to the cardiovascular system. Therefore, particular attention should be given to cardiovascular protection during treatment for COVID-19.},
	Author = {Zheng, Ying-Ying and Ma, Yi-Tong and Zhang, Jin-Ying and Xie, Xiang},
	Da = {2020/05/01},
	Date-Added = {2020-05-14 13:47:37 -0700},
	Date-Modified = {2020-05-14 13:47:37 -0700},
	Doi = {10.1038/s41569-020-0360-5},
	Id = {Zheng2020},
	Isbn = {1759-5010},
	Journal = {Nature Reviews Cardiology},
	Number = {5},
	Pages = {259--260},
	Title = {COVID-19 and the cardiovascular system},
	Ty = {JOUR},
	Url = {https://doi.org/10.1038/s41569-020-0360-5},
	Volume = {17},
	Year = {2020},
	Bdsk-Url-1 = {https://doi.org/10.1038/s41569-020-0360-5}}



 @misc{diabetes,
    title={COVID-19 (coronavirus) and diabetes},
    url={https://www.diabetes.ca/campaigns/covid-19-(coronavirus)-and-diabetes}, journal={DiabetesCanadaWebsite}, year={2020}}
 
 @misc{apm,
    title={COVID-19 deaths analyzed by race and ethnicity},
    url={https://www.apmresearchlab.org/covid/deaths-by-race},
    journal={APM Research Lab}, year={2020}}
  
 
@misc{cdc,
    title={COVID-19 in Racial and Ethnic Minority Groups},
    url={https://www.cdc.gov/coronavirus/2019-ncov/need-extra-precautions/racial-ethnic-minorities.html},
    journal={Centers for Disease Control and Prevention},
    publisher={Centers for Disease Control and Prevention},
    year={2020},
    month={Apr}}

 
 @misc{pollution,
    title={Exposure to air pollution and COVID-19 mortality in the United States: A nationwide cross-sectional study},
    url={https://www.medrxiv.org/content/10.1101/2020.04.05.20054502v2}, 
    journal={medRxiv}, 
    publisher={Cold Spring Harbor Laboratory Press},
    author={Wu, Xiao and Nethery, Rachel C. and Sabath, Benjamin M. and Braun, Danielle and Dominici, Francesca}, year={2020}, month={Jan}}
 
 @article{
 williams2000understanding,
  title={Understanding and addressing racial disparities in health care},
  author={Williams, David R and Rucker, Toni D},
  journal={Health care financing review},
  volume={21},
  number={4},
  pages={75},
  year={2000},
  publisher={Centers for Medicare and Medicaid Services}
}